@article{myname:charlielembrouille,
  author = {Charlie L'embrouille},
  title = {{Ma super citation}},
  journal = {blabla},
  year = {2009}
}

@misc{myname:calendar2008,
	author = {Common Vulnerabilities and Exposures website},
	title = {{CVE-2008-5353}},
	howpublished = {\url{http://cve.mitre.org/cgi-bin/cvename.cgi?name=CVE-2008-5353}},
	year = {2008},
}
