@article{SecuriteRDP,
  author = {Arnaud Ebalard, Aurélien Bordes, Raphaël Rigo},
  title = {{Sécurité de RDP}},
  journal = {SSTIC},
  year = {2012}
}

